%YAML 1.1
%TAG !u! tag:unity3d.com,2011:
--- !u!65 &1002975725249975853
BoxCollider:
  m_ObjectHideFlags: 0
  m_CorrespondingSourceObject: {fileID: 0}
  m_PrefabInstance: {fileID: 0}
  m_PrefabAsset: {fileID: 0}
  m_GameObject: {fileID: 917124381155008202}
  m_Material: {fileID: 0}
  m_IsTrigger: 1
  m_Enabled: 1
  serializedVersion: 2
  m_Size: {x: 1, y: 1.4213144, z: 3.1250582}
  m_Center: {x: -0.000000060238406, y: 0.21065722, z: 1.0625296}
--- !u!1 &3918163819660209083
GameObject:
  m_ObjectHideFlags: 0
  m_CorrespondingSourceObject: {fileID: 0}
  m_PrefabInstance: {fileID: 0}
  m_PrefabAsset: {fileID: 0}
  serializedVersion: 6
  m_Component:
  - component: {fileID: 3627604220396270640}
  - component: {fileID: 4058325164577544766}
  - component: {fileID: 3873626212436331768}
  - component: {fileID: 8690799565231432879}
  m_Layer: 0
  m_Name: Cube (2)
  m_TagString: Untagged
  m_Icon: {fileID: 0}
  m_NavMeshLayer: 0
  m_StaticEditorFlags: 0
  m_IsActive: 1
--- !u!4 &3627604220396270640
Transform:
  m_ObjectHideFlags: 0
  m_CorrespondingSourceObject: {fileID: 0}
  m_PrefabInstance: {fileID: 0}
  m_PrefabAsset: {fileID: 0}
  m_GameObject: {fileID: 3918163819660209083}
  m_LocalRotation: {x: -0, y: -0, z: -0, w: 1}
  m_LocalPosition: {x: -4.37, y: 1.3024, z: -3.774}
  m_LocalScale: {x: 0.46115997, y: 3.60478, z: 7.72649}
  m_Children: []
  m_Father: {fileID: 5281742669454288227}
  m_RootOrder: 5
  m_LocalEulerAnglesHint: {x: 0, y: 0, z: 0}
--- !u!33 &4058325164577544766
MeshFilter:
  m_ObjectHideFlags: 0
  m_CorrespondingSourceObject: {fileID: 0}
  m_PrefabInstance: {fileID: 0}
  m_PrefabAsset: {fileID: 0}
  m_GameObject: {fileID: 3918163819660209083}
  m_Mesh: {fileID: 10202, guid: 0000000000000000e000000000000000, type: 0}
--- !u!23 &3873626212436331768
MeshRenderer:
  m_ObjectHideFlags: 0
  m_CorrespondingSourceObject: {fileID: 0}
  m_PrefabInstance: {fileID: 0}
  m_PrefabAsset: {fileID: 0}
  m_GameObject: {fileID: 3918163819660209083}
  m_Enabled: 0
  m_CastShadows: 1
  m_ReceiveShadows: 1
  m_DynamicOccludee: 1
  m_MotionVectors: 1
  m_LightProbeUsage: 1
  m_ReflectionProbeUsage: 1
  m_RayTracingMode: 2
  m_RayTraceProcedural: 0
  m_RenderingLayerMask: 1
  m_RendererPriority: 0
  m_Materials:
  - {fileID: 10303, guid: 0000000000000000f000000000000000, type: 0}
  m_StaticBatchInfo:
    firstSubMesh: 0
    subMeshCount: 0
  m_StaticBatchRoot: {fileID: 0}
  m_ProbeAnchor: {fileID: 0}
  m_LightProbeVolumeOverride: {fileID: 0}
  m_ScaleInLightmap: 1
  m_ReceiveGI: 1
  m_PreserveUVs: 0
  m_IgnoreNormalsForChartDetection: 0
  m_ImportantGI: 0
  m_StitchLightmapSeams: 1
  m_SelectedEditorRenderState: 3
  m_MinimumChartSize: 4
  m_AutoUVMaxDistance: 0.5
  m_AutoUVMaxAngle: 89
  m_LightmapParameters: {fileID: 0}
  m_SortingLayerID: 0
  m_SortingLayer: 0
  m_SortingOrder: 0
  m_AdditionalVertexStreams: {fileID: 0}
--- !u!65 &8690799565231432879
BoxCollider:
  m_ObjectHideFlags: 0
  m_CorrespondingSourceObject: {fileID: 0}
  m_PrefabInstance: {fileID: 0}
  m_PrefabAsset: {fileID: 0}
  m_GameObject: {fileID: 3918163819660209083}
  m_Material: {fileID: 0}
  m_IsTrigger: 0
  m_Enabled: 1
  serializedVersion: 2
  m_Size: {x: 1, y: 1, z: 1}
  m_Center: {x: 0, y: 0, z: 0}
--- !u!1 &4767224588022863338
GameObject:
  m_ObjectHideFlags: 0
  m_CorrespondingSourceObject: {fileID: 0}
  m_PrefabInstance: {fileID: 0}
  m_PrefabAsset: {fileID: 0}
  serializedVersion: 6
  m_Component:
  - component: {fileID: 8730183205238503888}
  - component: {fileID: 7120327652124415731}
  - component: {fileID: 152810276183707976}
  - component: {fileID: 1488142795606777429}
  m_Layer: 0
  m_Name: Cube
  m_TagString: Untagged
  m_Icon: {fileID: 0}
  m_NavMeshLayer: 0
  m_StaticEditorFlags: 0
  m_IsActive: 1
--- !u!4 &8730183205238503888
Transform:
  m_ObjectHideFlags: 0
  m_CorrespondingSourceObject: {fileID: 0}
  m_PrefabInstance: {fileID: 0}
  m_PrefabAsset: {fileID: 0}
  m_GameObject: {fileID: 4767224588022863338}
  m_LocalRotation: {x: -0, y: -0, z: -0, w: 1}
  m_LocalPosition: {x: 0, y: 1.8412, z: -3.774}
  m_LocalScale: {x: 1, y: 4.68217, z: 7.72649}
  m_Children: []
  m_Father: {fileID: 5281742669454288227}
  m_RootOrder: 3
  m_LocalEulerAnglesHint: {x: 0, y: 0, z: 0}
--- !u!33 &7120327652124415731
MeshFilter:
  m_ObjectHideFlags: 0
  m_CorrespondingSourceObject: {fileID: 0}
  m_PrefabInstance: {fileID: 0}
  m_PrefabAsset: {fileID: 0}
  m_GameObject: {fileID: 4767224588022863338}
  m_Mesh: {fileID: 10202, guid: 0000000000000000e000000000000000, type: 0}
--- !u!23 &152810276183707976
MeshRenderer:
  m_ObjectHideFlags: 0
  m_CorrespondingSourceObject: {fileID: 0}
  m_PrefabInstance: {fileID: 0}
  m_PrefabAsset: {fileID: 0}
  m_GameObject: {fileID: 4767224588022863338}
  m_Enabled: 0
  m_CastShadows: 1
  m_ReceiveShadows: 1
  m_DynamicOccludee: 1
  m_MotionVectors: 1
  m_LightProbeUsage: 1
  m_ReflectionProbeUsage: 1
  m_RayTracingMode: 2
  m_RayTraceProcedural: 0
  m_RenderingLayerMask: 1
  m_RendererPriority: 0
  m_Materials:
  - {fileID: 10303, guid: 0000000000000000f000000000000000, type: 0}
  m_StaticBatchInfo:
    firstSubMesh: 0
    subMeshCount: 0
  m_StaticBatchRoot: {fileID: 0}
  m_ProbeAnchor: {fileID: 0}
  m_LightProbeVolumeOverride: {fileID: 0}
  m_ScaleInLightmap: 1
  m_ReceiveGI: 1
  m_PreserveUVs: 0
  m_IgnoreNormalsForChartDetection: 0
  m_ImportantGI: 0
  m_StitchLightmapSeams: 1
  m_SelectedEditorRenderState: 3
  m_MinimumChartSize: 4
  m_AutoUVMaxDistance: 0.5
  m_AutoUVMaxAngle: 89
  m_LightmapParameters: {fileID: 0}
  m_SortingLayerID: 0
  m_SortingLayer: 0
  m_SortingOrder: 0
  m_AdditionalVertexStreams: {fileID: 0}
--- !u!65 &1488142795606777429
BoxCollider:
  m_ObjectHideFlags: 0
  m_CorrespondingSourceObject: {fileID: 0}
  m_PrefabInstance: {fileID: 0}
  m_PrefabAsset: {fileID: 0}
  m_GameObject: {fileID: 4767224588022863338}
  m_Material: {fileID: 0}
  m_IsTrigger: 0
  m_Enabled: 1
  serializedVersion: 2
  m_Size: {x: 1, y: 1, z: 1}
  m_Center: {x: 0, y: 0, z: 0}
--- !u!64 &5281742668733734959
MeshCollider:
  m_ObjectHideFlags: 0
  m_CorrespondingSourceObject: {fileID: 0}
  m_PrefabInstance: {fileID: 0}
  m_PrefabAsset: {fileID: 0}
  m_GameObject: {fileID: 5281742668733814142}
  m_Material: {fileID: 0}
  m_IsTrigger: 0
  m_Enabled: 1
  serializedVersion: 4
  m_Convex: 0
  m_CookingOptions: 30
  m_Mesh: {fileID: 4300000, guid: 905e121def2d7f44fac07f3e9d083c00, type: 3}
--- !u!1 &5281742669454288224
GameObject:
  m_ObjectHideFlags: 0
  m_CorrespondingSourceObject: {fileID: 0}
  m_PrefabInstance: {fileID: 0}
  m_PrefabAsset: {fileID: 0}
  serializedVersion: 6
  m_Component:
  - component: {fileID: 5281742669454288227}
  - component: {fileID: 4912323784597383154}
  m_Layer: 0
  m_Name: Block10
  m_TagString: Untagged
  m_Icon: {fileID: 0}
  m_NavMeshLayer: 0
  m_StaticEditorFlags: 0
  m_IsActive: 1
--- !u!4 &5281742669454288227
Transform:
  m_ObjectHideFlags: 0
  m_CorrespondingSourceObject: {fileID: 0}
  m_PrefabInstance: {fileID: 0}
  m_PrefabAsset: {fileID: 0}
  m_GameObject: {fileID: 5281742669454288224}
  m_LocalRotation: {x: 0, y: 0, z: 0, w: 1}
  m_LocalPosition: {x: 0, y: 0, z: 0}
  m_LocalScale: {x: 1, y: 1, z: 1}
  m_Children:
  - {fileID: 5281742668733507864}
  - {fileID: 5281742669616953430}
  - {fileID: 5281742669982962322}
  - {fileID: 8730183205238503888}
  - {fileID: 134053416769540598}
  - {fileID: 3627604220396270640}
  m_Father: {fileID: 0}
  m_RootOrder: 0
  m_LocalEulerAnglesHint: {x: 0, y: 0, z: 0}
--- !u!114 &4912323784597383154
MonoBehaviour:
  m_ObjectHideFlags: 0
  m_CorrespondingSourceObject: {fileID: 0}
  m_PrefabInstance: {fileID: 0}
  m_PrefabAsset: {fileID: 0}
  m_GameObject: {fileID: 5281742669454288224}
  m_Enabled: 1
  m_EditorHideFlags: 0
  m_Script: {fileID: 11500000, guid: 577c00105fab40d46a03db43964ccdc6, type: 3}
  m_Name: 
  m_EditorClassIdentifier: 
  reference: {fileID: 5281742669982962322}
--- !u!64 &5281742669617115801
MeshCollider:
  m_ObjectHideFlags: 0
  m_CorrespondingSourceObject: {fileID: 0}
  m_PrefabInstance: {fileID: 0}
  m_PrefabAsset: {fileID: 0}
  m_GameObject: {fileID: 5281742669617284144}
  m_Material: {fileID: 0}
  m_IsTrigger: 0
  m_Enabled: 1
  serializedVersion: 4
  m_Convex: 0
  m_CookingOptions: 30
  m_Mesh: {fileID: 4300000, guid: 905e121def2d7f44fac07f3e9d083c00, type: 3}
--- !u!1 &5281742669982962323
GameObject:
  m_ObjectHideFlags: 0
  m_CorrespondingSourceObject: {fileID: 0}
  m_PrefabInstance: {fileID: 0}
  m_PrefabAsset: {fileID: 0}
  serializedVersion: 6
  m_Component:
  - component: {fileID: 5281742669982962322}
  m_Layer: 0
  m_Name: Reference
  m_TagString: Untagged
  m_Icon: {fileID: 0}
  m_NavMeshLayer: 0
  m_StaticEditorFlags: 0
  m_IsActive: 1
--- !u!4 &5281742669982962322
Transform:
  m_ObjectHideFlags: 0
  m_CorrespondingSourceObject: {fileID: 0}
  m_PrefabInstance: {fileID: 0}
  m_PrefabAsset: {fileID: 0}
  m_GameObject: {fileID: 5281742669982962323}
  m_LocalRotation: {x: -0, y: -0, z: -0, w: 1}
  m_LocalPosition: {x: 0, y: 0, z: -7.62}
  m_LocalScale: {x: 1, y: 1, z: 1}
  m_Children: []
  m_Father: {fileID: 5281742669454288227}
  m_RootOrder: 2
  m_LocalEulerAnglesHint: {x: 0, y: 0, z: 0}
--- !u!1 &8248344804312264920
GameObject:
  m_ObjectHideFlags: 0
  m_CorrespondingSourceObject: {fileID: 0}
  m_PrefabInstance: {fileID: 0}
  m_PrefabAsset: {fileID: 0}
  serializedVersion: 6
  m_Component:
  - component: {fileID: 134053416769540598}
  - component: {fileID: 9060264803605059530}
  - component: {fileID: 460467867739254349}
  - component: {fileID: 2199949405922159241}
  m_Layer: 0
  m_Name: Cube (1)
  m_TagString: Untagged
  m_Icon: {fileID: 0}
  m_NavMeshLayer: 0
  m_StaticEditorFlags: 0
  m_IsActive: 1
--- !u!4 &134053416769540598
Transform:
  m_ObjectHideFlags: 0
  m_CorrespondingSourceObject: {fileID: 0}
  m_PrefabInstance: {fileID: 0}
  m_PrefabAsset: {fileID: 0}
  m_GameObject: {fileID: 8248344804312264920}
  m_LocalRotation: {x: -0, y: -0, z: -0, w: 1}
  m_LocalPosition: {x: 4.441, y: 1.3024, z: -3.774}
  m_LocalScale: {x: 0.46115997, y: 3.60478, z: 7.72649}
  m_Children: []
  m_Father: {fileID: 5281742669454288227}
  m_RootOrder: 4
  m_LocalEulerAnglesHint: {x: 0, y: 0, z: 0}
--- !u!33 &9060264803605059530
MeshFilter:
  m_ObjectHideFlags: 0
  m_CorrespondingSourceObject: {fileID: 0}
  m_PrefabInstance: {fileID: 0}
  m_PrefabAsset: {fileID: 0}
  m_GameObject: {fileID: 8248344804312264920}
  m_Mesh: {fileID: 10202, guid: 0000000000000000e000000000000000, type: 0}
--- !u!23 &460467867739254349
MeshRenderer:
  m_ObjectHideFlags: 0
  m_CorrespondingSourceObject: {fileID: 0}
  m_PrefabInstance: {fileID: 0}
  m_PrefabAsset: {fileID: 0}
  m_GameObject: {fileID: 8248344804312264920}
  m_Enabled: 0
  m_CastShadows: 1
  m_ReceiveShadows: 1
  m_DynamicOccludee: 1
  m_MotionVectors: 1
  m_LightProbeUsage: 1
  m_ReflectionProbeUsage: 1
  m_RayTracingMode: 2
  m_RayTraceProcedural: 0
  m_RenderingLayerMask: 1
  m_RendererPriority: 0
  m_Materials:
  - {fileID: 10303, guid: 0000000000000000f000000000000000, type: 0}
  m_StaticBatchInfo:
    firstSubMesh: 0
    subMeshCount: 0
  m_StaticBatchRoot: {fileID: 0}
  m_ProbeAnchor: {fileID: 0}
  m_LightProbeVolumeOverride: {fileID: 0}
  m_ScaleInLightmap: 1
  m_ReceiveGI: 1
  m_PreserveUVs: 0
  m_IgnoreNormalsForChartDetection: 0
  m_ImportantGI: 0
  m_StitchLightmapSeams: 1
  m_SelectedEditorRenderState: 3
  m_MinimumChartSize: 4
  m_AutoUVMaxDistance: 0.5
  m_AutoUVMaxAngle: 89
  m_LightmapParameters: {fileID: 0}
  m_SortingLayerID: 0
  m_SortingLayer: 0
  m_SortingOrder: 0
  m_AdditionalVertexStreams: {fileID: 0}
--- !u!65 &2199949405922159241
BoxCollider:
  m_ObjectHideFlags: 0
  m_CorrespondingSourceObject: {fileID: 0}
  m_PrefabInstance: {fileID: 0}
  m_PrefabAsset: {fileID: 0}
  m_GameObject: {fileID: 8248344804312264920}
  m_Material: {fileID: 0}
  m_IsTrigger: 0
  m_Enabled: 1
  serializedVersion: 2
  m_Size: {x: 1, y: 1, z: 1}
  m_Center: {x: 0, y: 0, z: 0}
--- !u!1001 &5281742668733734954
PrefabInstance:
  m_ObjectHideFlags: 0
  serializedVersion: 2
  m_Modification:
    m_TransformParent: {fileID: 5281742669454288227}
    m_Modifications:
    - target: {fileID: 193874, guid: 1731ae0548ad2ba458c572ab6df7b58c, type: 3}
      propertyPath: m_Name
      value: Ground01
      objectReference: {fileID: 0}
    - target: {fileID: 193874, guid: 1731ae0548ad2ba458c572ab6df7b58c, type: 3}
      propertyPath: m_IsActive
      value: 1
      objectReference: {fileID: 0}
    - target: {fileID: 193876, guid: 1731ae0548ad2ba458c572ab6df7b58c, type: 3}
      propertyPath: m_TagString
      value: Obstacles
      objectReference: {fileID: 0}
    - target: {fileID: 493874, guid: 1731ae0548ad2ba458c572ab6df7b58c, type: 3}
      propertyPath: m_RootOrder
      value: 0
      objectReference: {fileID: 0}
    - target: {fileID: 493874, guid: 1731ae0548ad2ba458c572ab6df7b58c, type: 3}
      propertyPath: m_LocalPosition.x
      value: -2.3
      objectReference: {fileID: 0}
    - target: {fileID: 493874, guid: 1731ae0548ad2ba458c572ab6df7b58c, type: 3}
      propertyPath: m_LocalPosition.y
      value: 0
      objectReference: {fileID: 0}
    - target: {fileID: 493874, guid: 1731ae0548ad2ba458c572ab6df7b58c, type: 3}
      propertyPath: m_LocalPosition.z
      value: 0
      objectReference: {fileID: 0}
    - target: {fileID: 493874, guid: 1731ae0548ad2ba458c572ab6df7b58c, type: 3}
      propertyPath: m_LocalRotation.w
      value: 1
      objectReference: {fileID: 0}
    - target: {fileID: 493874, guid: 1731ae0548ad2ba458c572ab6df7b58c, type: 3}
      propertyPath: m_LocalRotation.x
      value: -0
      objectReference: {fileID: 0}
    - target: {fileID: 493874, guid: 1731ae0548ad2ba458c572ab6df7b58c, type: 3}
      propertyPath: m_LocalRotation.y
      value: -0
      objectReference: {fileID: 0}
    - target: {fileID: 493874, guid: 1731ae0548ad2ba458c572ab6df7b58c, type: 3}
      propertyPath: m_LocalRotation.z
      value: -0
      objectReference: {fileID: 0}
    - target: {fileID: 493874, guid: 1731ae0548ad2ba458c572ab6df7b58c, type: 3}
      propertyPath: m_LocalEulerAnglesHint.x
      value: 0
      objectReference: {fileID: 0}
    - target: {fileID: 493874, guid: 1731ae0548ad2ba458c572ab6df7b58c, type: 3}
      propertyPath: m_LocalEulerAnglesHint.y
      value: 0
      objectReference: {fileID: 0}
    - target: {fileID: 493874, guid: 1731ae0548ad2ba458c572ab6df7b58c, type: 3}
      propertyPath: m_LocalEulerAnglesHint.z
      value: 0
      objectReference: {fileID: 0}
    - target: {fileID: 2393876, guid: 1731ae0548ad2ba458c572ab6df7b58c, type: 3}
      propertyPath: m_Enabled
      value: 1
      objectReference: {fileID: 0}
    m_RemovedComponents: []
  m_SourcePrefab: {fileID: 100100000, guid: 1731ae0548ad2ba458c572ab6df7b58c, type: 3}
--- !u!4 &5281742668733507864 stripped
Transform:
  m_CorrespondingSourceObject: {fileID: 493874, guid: 1731ae0548ad2ba458c572ab6df7b58c, type: 3}
  m_PrefabInstance: {fileID: 5281742668733734954}
  m_PrefabAsset: {fileID: 0}
--- !u!1 &5281742668733814142 stripped
GameObject:
  m_CorrespondingSourceObject: {fileID: 193876, guid: 1731ae0548ad2ba458c572ab6df7b58c, type: 3}
  m_PrefabInstance: {fileID: 5281742668733734954}
  m_PrefabAsset: {fileID: 0}
--- !u!1001 &5281742669617115492
PrefabInstance:
  m_ObjectHideFlags: 0
  serializedVersion: 2
  m_Modification:
    m_TransformParent: {fileID: 5281742669454288227}
    m_Modifications:
    - target: {fileID: 193874, guid: 1731ae0548ad2ba458c572ab6df7b58c, type: 3}
      propertyPath: m_Name
      value: Ground02
      objectReference: {fileID: 0}
    - target: {fileID: 193874, guid: 1731ae0548ad2ba458c572ab6df7b58c, type: 3}
      propertyPath: m_IsActive
      value: 1
      objectReference: {fileID: 0}
    - target: {fileID: 193876, guid: 1731ae0548ad2ba458c572ab6df7b58c, type: 3}
      propertyPath: m_TagString
      value: Obstacles
      objectReference: {fileID: 0}
    - target: {fileID: 193878, guid: 1731ae0548ad2ba458c572ab6df7b58c, type: 3}
      propertyPath: m_IsActive
      value: 1
      objectReference: {fileID: 0}
    - target: {fileID: 493874, guid: 1731ae0548ad2ba458c572ab6df7b58c, type: 3}
      propertyPath: m_RootOrder
      value: 1
      objectReference: {fileID: 0}
    - target: {fileID: 493874, guid: 1731ae0548ad2ba458c572ab6df7b58c, type: 3}
      propertyPath: m_LocalScale.x
      value: 1
      objectReference: {fileID: 0}
    - target: {fileID: 493874, guid: 1731ae0548ad2ba458c572ab6df7b58c, type: 3}
      propertyPath: m_LocalPosition.x
      value: 2.3
      objectReference: {fileID: 0}
    - target: {fileID: 493874, guid: 1731ae0548ad2ba458c572ab6df7b58c, type: 3}
      propertyPath: m_LocalPosition.y
      value: 0
      objectReference: {fileID: 0}
    - target: {fileID: 493874, guid: 1731ae0548ad2ba458c572ab6df7b58c, type: 3}
      propertyPath: m_LocalPosition.z
      value: 0
      objectReference: {fileID: 0}
    - target: {fileID: 493874, guid: 1731ae0548ad2ba458c572ab6df7b58c, type: 3}
      propertyPath: m_LocalRotation.w
      value: 1
      objectReference: {fileID: 0}
    - target: {fileID: 493874, guid: 1731ae0548ad2ba458c572ab6df7b58c, type: 3}
      propertyPath: m_LocalRotation.x
      value: -0
      objectReference: {fileID: 0}
    - target: {fileID: 493874, guid: 1731ae0548ad2ba458c572ab6df7b58c, type: 3}
      propertyPath: m_LocalRotation.y
      value: -0
      objectReference: {fileID: 0}
    - target: {fileID: 493874, guid: 1731ae0548ad2ba458c572ab6df7b58c, type: 3}
      propertyPath: m_LocalRotation.z
      value: -0
      objectReference: {fileID: 0}
    - target: {fileID: 493874, guid: 1731ae0548ad2ba458c572ab6df7b58c, type: 3}
      propertyPath: m_LocalEulerAnglesHint.x
      value: 0
      objectReference: {fileID: 0}
    - target: {fileID: 493874, guid: 1731ae0548ad2ba458c572ab6df7b58c, type: 3}
      propertyPath: m_LocalEulerAnglesHint.y
      value: 0
      objectReference: {fileID: 0}
    - target: {fileID: 493874, guid: 1731ae0548ad2ba458c572ab6df7b58c, type: 3}
      propertyPath: m_LocalEulerAnglesHint.z
      value: 0
      objectReference: {fileID: 0}
    - target: {fileID: 2393876, guid: 1731ae0548ad2ba458c572ab6df7b58c, type: 3}
      propertyPath: m_Enabled
      value: 1
      objectReference: {fileID: 0}
    m_RemovedComponents: []
  m_SourcePrefab: {fileID: 100100000, guid: 1731ae0548ad2ba458c572ab6df7b58c, type: 3}
--- !u!1 &5281742669617284144 stripped
GameObject:
  m_CorrespondingSourceObject: {fileID: 193876, guid: 1731ae0548ad2ba458c572ab6df7b58c, type: 3}
  m_PrefabInstance: {fileID: 5281742669617115492}
  m_PrefabAsset: {fileID: 0}
--- !u!4 &5281742669616953430 stripped
Transform:
  m_CorrespondingSourceObject: {fileID: 493874, guid: 1731ae0548ad2ba458c572ab6df7b58c, type: 3}
  m_PrefabInstance: {fileID: 5281742669617115492}
  m_PrefabAsset: {fileID: 0}
--- !u!1001 &9195130898177549415
PrefabInstance:
  m_ObjectHideFlags: 0
  serializedVersion: 2
  m_Modification:
    m_TransformParent: {fileID: 5281742669616953430}
    m_Modifications:
    - target: {fileID: 146148, guid: 3517325933a4f02419b118e4ac715d2e, type: 3}
      propertyPath: m_Name
      value: PalmTree
      objectReference: {fileID: 0}
    - target: {fileID: 446148, guid: 3517325933a4f02419b118e4ac715d2e, type: 3}
      propertyPath: m_RootOrder
      value: 3
      objectReference: {fileID: 0}
    - target: {fileID: 446148, guid: 3517325933a4f02419b118e4ac715d2e, type: 3}
      propertyPath: m_LocalPosition.x
      value: 1.7506268
      objectReference: {fileID: 0}
    - target: {fileID: 446148, guid: 3517325933a4f02419b118e4ac715d2e, type: 3}
      propertyPath: m_LocalPosition.y
      value: 0
      objectReference: {fileID: 0}
    - target: {fileID: 446148, guid: 3517325933a4f02419b118e4ac715d2e, type: 3}
      propertyPath: m_LocalPosition.z
      value: -3.7896538
      objectReference: {fileID: 0}
    - target: {fileID: 446148, guid: 3517325933a4f02419b118e4ac715d2e, type: 3}
      propertyPath: m_LocalRotation.w
      value: 1
      objectReference: {fileID: 0}
    - target: {fileID: 446148, guid: 3517325933a4f02419b118e4ac715d2e, type: 3}
      propertyPath: m_LocalRotation.x
      value: -0
      objectReference: {fileID: 0}
    - target: {fileID: 446148, guid: 3517325933a4f02419b118e4ac715d2e, type: 3}
      propertyPath: m_LocalRotation.y
      value: -0
      objectReference: {fileID: 0}
    - target: {fileID: 446148, guid: 3517325933a4f02419b118e4ac715d2e, type: 3}
      propertyPath: m_LocalRotation.z
      value: -0
      objectReference: {fileID: 0}
    - target: {fileID: 446148, guid: 3517325933a4f02419b118e4ac715d2e, type: 3}
      propertyPath: m_LocalEulerAnglesHint.x
      value: 0
      objectReference: {fileID: 0}
    - target: {fileID: 446148, guid: 3517325933a4f02419b118e4ac715d2e, type: 3}
      propertyPath: m_LocalEulerAnglesHint.y
      value: 0
      objectReference: {fileID: 0}
    - target: {fileID: 446148, guid: 3517325933a4f02419b118e4ac715d2e, type: 3}
      propertyPath: m_LocalEulerAnglesHint.z
      value: 0
      objectReference: {fileID: 0}
    m_RemovedComponents: []
  m_SourcePrefab: {fileID: 100100000, guid: 3517325933a4f02419b118e4ac715d2e, type: 3}
--- !u!1001 &9195130898555029443
PrefabInstance:
  m_ObjectHideFlags: 0
  serializedVersion: 2
  m_Modification:
    m_TransformParent: {fileID: 5281742669616953430}
    m_Modifications:
    - target: {fileID: -5716681864270162303, guid: b7df3d79f68cd1a4d9757e1001e4c0e0, type: 3}
      propertyPath: m_Animation
      value: 
      objectReference: {fileID: 1827226128182048838, guid: 278e795de0a99be4aac34bd2ad5b96a5, type: 3}
    - target: {fileID: -4216859302048453862, guid: b7df3d79f68cd1a4d9757e1001e4c0e0, type: 3}
      propertyPath: m_RootOrder
      value: 2
      objectReference: {fileID: 0}
    - target: {fileID: -4216859302048453862, guid: b7df3d79f68cd1a4d9757e1001e4c0e0, type: 3}
      propertyPath: m_LocalScale.x
      value: 0.7
      objectReference: {fileID: 0}
    - target: {fileID: -4216859302048453862, guid: b7df3d79f68cd1a4d9757e1001e4c0e0, type: 3}
      propertyPath: m_LocalScale.y
      value: 0.7
      objectReference: {fileID: 0}
    - target: {fileID: -4216859302048453862, guid: b7df3d79f68cd1a4d9757e1001e4c0e0, type: 3}
      propertyPath: m_LocalScale.z
      value: 0.7
      objectReference: {fileID: 0}
    - target: {fileID: -4216859302048453862, guid: b7df3d79f68cd1a4d9757e1001e4c0e0, type: 3}
      propertyPath: m_LocalPosition.x
      value: 0.03999996
      objectReference: {fileID: 0}
    - target: {fileID: -4216859302048453862, guid: b7df3d79f68cd1a4d9757e1001e4c0e0, type: 3}
      propertyPath: m_LocalPosition.y
      value: 0
      objectReference: {fileID: 0}
    - target: {fileID: -4216859302048453862, guid: b7df3d79f68cd1a4d9757e1001e4c0e0, type: 3}
      propertyPath: m_LocalPosition.z
      value: -4.1100006
      objectReference: {fileID: 0}
    - target: {fileID: -4216859302048453862, guid: b7df3d79f68cd1a4d9757e1001e4c0e0, type: 3}
      propertyPath: m_LocalRotation.w
      value: 0.98343116
      objectReference: {fileID: 0}
    - target: {fileID: -4216859302048453862, guid: b7df3d79f68cd1a4d9757e1001e4c0e0, type: 3}
      propertyPath: m_LocalRotation.x
      value: -0
      objectReference: {fileID: 0}
    - target: {fileID: -4216859302048453862, guid: b7df3d79f68cd1a4d9757e1001e4c0e0, type: 3}
      propertyPath: m_LocalRotation.y
      value: -0.18128195
      objectReference: {fileID: 0}
    - target: {fileID: -4216859302048453862, guid: b7df3d79f68cd1a4d9757e1001e4c0e0, type: 3}
      propertyPath: m_LocalRotation.z
      value: -0
      objectReference: {fileID: 0}
    - target: {fileID: -4216859302048453862, guid: b7df3d79f68cd1a4d9757e1001e4c0e0, type: 3}
      propertyPath: m_LocalEulerAnglesHint.x
      value: 0
      objectReference: {fileID: 0}
    - target: {fileID: -4216859302048453862, guid: b7df3d79f68cd1a4d9757e1001e4c0e0, type: 3}
      propertyPath: m_LocalEulerAnglesHint.y
      value: -20.889
      objectReference: {fileID: 0}
    - target: {fileID: -4216859302048453862, guid: b7df3d79f68cd1a4d9757e1001e4c0e0, type: 3}
      propertyPath: m_LocalEulerAnglesHint.z
      value: 0
      objectReference: {fileID: 0}
    - target: {fileID: -927199367670048503, guid: b7df3d79f68cd1a4d9757e1001e4c0e0, type: 3}
      propertyPath: m_Name
      value: CROCODILE
      objectReference: {fileID: 0}
    - target: {fileID: -927199367670048503, guid: b7df3d79f68cd1a4d9757e1001e4c0e0, type: 3}
      propertyPath: m_IsActive
      value: 1
      objectReference: {fileID: 0}
    - target: {fileID: -927199367670048503, guid: b7df3d79f68cd1a4d9757e1001e4c0e0, type: 3}
      propertyPath: m_TagString
      value: Obstacles
      objectReference: {fileID: 0}
    m_RemovedComponents: []
  m_SourcePrefab: {fileID: 100100000, guid: b7df3d79f68cd1a4d9757e1001e4c0e0, type: 3}
--- !u!1 &917124381155008202 stripped
GameObject:
  m_CorrespondingSourceObject: {fileID: -927199367670048503, guid: b7df3d79f68cd1a4d9757e1001e4c0e0, type: 3}
  m_PrefabInstance: {fileID: 9195130898555029443}
  m_PrefabAsset: {fileID: 0}
--- !u!1001 &9195130899065100761
PrefabInstance:
  m_ObjectHideFlags: 0
  serializedVersion: 2
  m_Modification:
    m_TransformParent: {fileID: 5281742668733507864}
    m_Modifications:
    - target: {fileID: 106658, guid: 39923caca5db3ea44a250edeae07a05b, type: 3}
      propertyPath: m_Name
      value: Grass
      objectReference: {fileID: 0}
    - target: {fileID: 406658, guid: 39923caca5db3ea44a250edeae07a05b, type: 3}
      propertyPath: m_RootOrder
      value: 2
      objectReference: {fileID: 0}
    - target: {fileID: 406658, guid: 39923caca5db3ea44a250edeae07a05b, type: 3}
      propertyPath: m_LocalPosition.x
      value: -0.48538423
      objectReference: {fileID: 0}
    - target: {fileID: 406658, guid: 39923caca5db3ea44a250edeae07a05b, type: 3}
      propertyPath: m_LocalPosition.y
      value: 0
      objectReference: {fileID: 0}
    - target: {fileID: 406658, guid: 39923caca5db3ea44a250edeae07a05b, type: 3}
      propertyPath: m_LocalPosition.z
      value: -2.5144691
      objectReference: {fileID: 0}
    - target: {fileID: 406658, guid: 39923caca5db3ea44a250edeae07a05b, type: 3}
      propertyPath: m_LocalRotation.w
      value: 1
      objectReference: {fileID: 0}
    - target: {fileID: 406658, guid: 39923caca5db3ea44a250edeae07a05b, type: 3}
      propertyPath: m_LocalRotation.x
      value: -0
      objectReference: {fileID: 0}
    - target: {fileID: 406658, guid: 39923caca5db3ea44a250edeae07a05b, type: 3}
      propertyPath: m_LocalRotation.y
      value: -0
      objectReference: {fileID: 0}
    - target: {fileID: 406658, guid: 39923caca5db3ea44a250edeae07a05b, type: 3}
      propertyPath: m_LocalRotation.z
      value: -0
      objectReference: {fileID: 0}
    - target: {fileID: 406658, guid: 39923caca5db3ea44a250edeae07a05b, type: 3}
      propertyPath: m_LocalEulerAnglesHint.x
      value: 0
      objectReference: {fileID: 0}
    - target: {fileID: 406658, guid: 39923caca5db3ea44a250edeae07a05b, type: 3}
      propertyPath: m_LocalEulerAnglesHint.y
      value: 0
      objectReference: {fileID: 0}
    - target: {fileID: 406658, guid: 39923caca5db3ea44a250edeae07a05b, type: 3}
      propertyPath: m_LocalEulerAnglesHint.z
      value: 0
      objectReference: {fileID: 0}
    m_RemovedComponents: []
  m_SourcePrefab: {fileID: 100100000, guid: 39923caca5db3ea44a250edeae07a05b, type: 3}
